@inproceedings{PopitschHR10,
	author    = {Niko Popitsch and
	Bernhard Haslhofer and
	Elaheh Momeni Roochi},
	title     = {An Evaluation Approach for Dynamics-Aware Applications Using Linked
	Data},
	booktitle = {Database and Expert Systems Applications, DEXA, International Workshops,
	Bilbao, Spain, August 30 - September 3, 2010},
	pages     = {188--192},
	year      = {2010},
	url       = {https://doi.org/10.1109/DEXA.2010.52},
	doi       = {10.1109/DEXA.2010.52},
	timestamp = {Wed, 16 Oct 2019 14:14:55 +0200},
	biburl    = {https://dblp.org/rec/bib/conf/dexaw/PopitschHR10},
	bibsource = {dblp computer science bibliography, https://dblp.org}
}

@techreport{umbrichHAHW09,
	title={Discovering resources on the web},
	author={Umbrich, J{\"u}rgen and Hausenblas, Michael and Archer, Phil and Hammer-Lahav, Eran and Wilde, Erik},
	year={2009},
	institution={Citeseer}
}

@inproceedings{UmbrichHHPD10,
	author    = {J{\"{u}}rgen Umbrich and
	Michael Hausenblas and
	Aidan Hogan and
	Axel Polleres and
	Stefan Decker},
	title     = {Towards Dataset Dynamics: Change Frequency of Linked Open Data Sources},
	booktitle = {Proceedings of the {WWW2010} Workshop on Linked Data on the Web, {LDOW}
	2010, Raleigh, USA, April 27, 2010},
	year      = {2010},
	url       = {http://ceur-ws.org/Vol-628/ldow2010\_paper12.pdf},
	timestamp = {Tue, 28 May 2019 16:23:30 +0200},
	biburl    = {https://dblp.org/rec/bib/conf/www/UmbrichHHPD10},
	bibsource = {dblp computer science bibliography, https://dblp.org}
}

@article{SandersonS12,
	author    = {Robert Sanderson and
	Herbert Van de Sompel},
	title     = {Cool URIs and Dynamic Data},
	journal   = {{IEEE} Internet Computing},
	volume    = {16},
	number    = {4},
	pages     = {76--79},
	year      = {2012},
	url       = {https://doi.org/10.1109/MIC.2012.78},
	doi       = {10.1109/MIC.2012.78},
	timestamp = {Wed, 14 Nov 2018 10:50:47 +0100},
	biburl    = {https://dblp.org/rec/bib/journals/internet/SandersonS12},
	bibsource = {dblp computer science bibliography, https://dblp.org}
}

@inproceedings{Papastefanatos13,
	author    = {George Papastefanatos},
	title     = {Challenges and Opportunities in the Evolving Data Web},
	booktitle = {Advances in Conceptual Modeling - {ER} 2013 Workshops, LSAWM, MoBiD,
	RIGiM, SeCoGIS, WISM, DaSeM, SCME, and PhD Symposium, Hong Kong, China,
	November 11-13, 2013, Revised Selected Papers},
	pages     = {23--28},
	year      = {2013},
	url       = {https://doi.org/10.1007/978-3-319-14139-8\_4},
	doi       = {10.1007/978-3-319-14139-8\_4},
	timestamp = {Tue, 14 May 2019 10:00:50 +0200},
	biburl    = {https://dblp.org/rec/bib/conf/er/Papastefanatos13},
	bibsource = {dblp computer science bibliography, https://dblp.org}
}

@inproceedings{MeimarisPPGS14,
	author    = {Marios Meimaris and
	George Papastefanatos and
	Christos Pateritsas and
	Theodora Galani and
	Yannis Stavrakas},
	title     = {Towards a Framework for Managing Evolving Information Resources on
	the Data Web},
	booktitle = {Proceedings of the 1st International Workshop on Dataset PROFIling
	{\&} fEderated Search for Linked Data co-located with the 11th
	Extended Semantic Web Conference, PROFILES@ESWC 2014, Anissaras, Crete,
	Greece, May 26, 2014},
	year      = {2014},
	url       = {http://ceur-ws.org/Vol-1151/paper6.pdf},
	timestamp = {Tue, 28 May 2019 16:23:27 +0200},
	biburl    = {https://dblp.org/rec/bib/conf/esws/MeimarisPPGS14},
	bibsource = {dblp computer science bibliography, https://dblp.org}
}

@article{StefanidisFCR16,
	author    = {Kostas Stefanidis and
	Giorgos Flouris and
	Ioannis Chrysakis and
	Yannis Roussakis},
	title     = {{D2V} - Understanding the Dynamics of Evolving Data: {A} Case Study
	in the Life Sciences},
	journal   = {{ERCIM} News},
	volume    = {2016},
	number    = {105},
	year      = {2016},
	url       = {http://ercim-news.ercim.eu/en105/r-i/d2v-understanding-the-dynamics-of-evolving-data-a-case-study-in-the-life-sciences},
	timestamp = {Tue, 22 Oct 2019 17:55:18 +0200},
	biburl    = {https://dblp.org/rec/bib/journals/ercim/StefanidisFCR16},
	bibsource = {dblp computer science bibliography, https://dblp.org}
}

@inproceedings{MeimarisP16,
	author    = {Marios Meimaris and
	George Papastefanatos},
	title     = {The EvoGen Benchmark Suite for Evolving {RDF} Data},
	booktitle = {Joint Proceedings of the 2nd Workshop on Managing the Evolution and
	Preservation of the Data Web (MEPDaW 2016) and the 3rd Workshop on
	Linked Data Quality {(LDQ} 2016) co-located with 13th European Semantic
	Web Conference {(ESWC} 2016), Heraklion, Crete, Greece, May 30th,
	2016},
	pages     = {20--35},
	year      = {2016},
	url       = {http://ceur-ws.org/Vol-1585/mepdaw2016\_paper\_03.pdf},
	timestamp = {Tue, 28 May 2019 16:23:27 +0200},
	biburl    = {https://dblp.org/rec/bib/conf/esws/MeimarisP16},
	bibsource = {dblp computer science bibliography, https://dblp.org}
}

@inproceedings{AkhtarAL17,
	author    = {Usman Akhtar and
	Muhammad Bilal Amin and
	Sungyoung Lee},
	title     = {Evaluating scheduling strategies in {LOD} based application},
	booktitle = {19th Asia-Pacific Network Operations and Management Symposium, {APNOMS}
	2017, Seoul, Korea (South), September 27-29, 2017},
	pages     = {255--258},
	year      = {2017},
	organization={IEEE}
}

@inproceedings{BarsottiDD17a,
	author    = {Dami{\'{a}}n Barsotti and
	Mart{\'{\i}}n Ariel Dom{\'{\i}}nguez and
	Pablo Ariel Dubou{\'{e}}},
	title     = {Predicting Invariant Nodes in Large Scale Semantic Knowledge Graphs},
	booktitle = {Information Management and Big Data - 4th Annual International Symposium,
	SIMBig 2017, Lima, Peru, September 4-6, 2017, Revised Selected Papers},
	pages     = {48--60},
	year      = {2017},
	url       = {https://doi.org/10.1007/978-3-319-90596-9\_4},
	doi       = {10.1007/978-3-319-90596-9\_4},
	timestamp = {Wed, 25 Sep 2019 18:23:54 +0200},
	biburl    = {https://dblp.org/rec/bib/conf/simbig/BarsottiDD17a},
	bibsource = {dblp computer science bibliography, https://dblp.org}
}

@techreport{keele2007guidelines,
	title={Guidelines for performing systematic literature reviews in software engineering},
	author={Keele, Staffs and others},
	year={2007},
	institution={Technical report, Ver. 2.3 EBSE Technical Report. EBSE}
}

@inproceedings{ChoN02,
	author    = {Junghoo Cho and Alexandros Ntoulas},
	title     = {Effective Change Detection Using Sampling},
	booktitle = {{VLDB} 2002, Proceedings of 28th International Conference on Very Large Data Bases, August 20-23, 2002, Hong Kong, China},
	pages     = {514--525},
	year      = {2002},
	organization={Elsevier}
}

@inproceedings{KnuthHS16,
	author    = {Magnus Knuth and Olaf Hartig and Harald Sack},
	title     = {Scheduling Refresh Queries for Keeping Results from a {SPARQL} Endpoint
	Up-to-Date (Short Paper)},
	booktitle = {On the Move to Meaningful Internet Systems: {OTM} 2016 Conferences
	- Confederated International Conferences: CoopIS, C{\&}TC, and
	{ODBASE} 2016, Rhodes, Greece, October 24-28, 2016, Proceedings},
	pages     = {780--791},
	year      = {2016},
	organization={Springer}
}

@inproceedings{NishiokaS17,
	author    = {Chifumi Nishioka and
	Ansgar Scherp},
	title     = {Keeping linked open data caches up-to-date by predicting the life-time
	of {RDF} triples},
	booktitle = {Proceedings of the International Conference on Web Intelligence, Leipzig,
	Germany, August 23-26, 2017},
	pages     = {73--80},
	year      = {2017},
	organization={ACM}
}

@inproceedings{UmbrichKHP12,
	author    = {J{\"{u}}rgen Umbrich and
	Marcel Karnstedt and
	Aidan Hogan and
	Josiane Xavier Parreira},
	title     = {Hybrid {SPARQL} Queries: Fresh vs. Fast Results},
	booktitle = {The Semantic Web - {ISWC} 2012 - 11th International Semantic Web Conference,
	Boston, MA, USA, November 11-15, 2012, Proceedings, Part {I}},
	pages     = {608--624},
	year      = {2012},
	organization={Springer}
}
@inproceedings{MartinUA10,
	author    = {Michael Martin and
	J{\"{o}}rg Unbehauen and
	S{\"{o}}ren Auer},
	title     = {Improving the Performance of Semantic Web Applications with {SPARQL}
	Query Caching},
	booktitle = {The Semantic Web: Research and Applications, 7th Extended Semantic
	Web Conference, {ESWC} 2010, Heraklion, Crete, Greece, May 30 - June
	3, 2010, Proceedings, Part {II}},
	pages     = {304--318},
	year      = {2010},
	organization={Springer}
}

@inproceedings{ZhangSTQ15,
	author    = {Wei Emma Zhang and
	Quan Z. Sheng and
	Kerry Taylor and
	Yongrui Qin},
	title     = {Identifying and Caching Hot Triples for Efficient {RDF} Query Processing},
	booktitle = {Database Systems for Advanced Applications - 20th International Conference,
	{DASFAA} 2015, Hanoi, Vietnam, April 20-23, 2015, Proceedings, Part
	{II}},
	pages     = {259--274},
	year      = {2015},
	organization={Springer}
}

@inproceedings{KaferAUOH13,
	author    = {Tobias K{\"{a}}fer and
	Ahmed Abdelrahman and
	J{\"{u}}rgen Umbrich and
	Patrick O'Byrne and
	Aidan Hogan},
	title     = {Observing Linked Data Dynamics},
	booktitle = {The Semantic Web: Semantics and Big Data, 10th International Conference,
	{ESWC} 2013, Montpellier, France, May 26-30, 2013. Proceedings},
	pages     = {213--227},
	year      = {2013},	
	organization={Springer}
}

@inproceedings{NishiokaS15,
	author    = {Chifumi Nishioka and
	Ansgar Scherp},
	title     = {Temporal Patterns and Periodicity of Entity Dynamics in the Linked
	Open Data Cloud},
	booktitle = {Proceedings of the 8th International Conference on Knowledge Capture,
	{K-CAP} 2015, Palisades, NY, USA, October 7-10, 2015},
	pages     = {22:1--22:4},
	year      = {2015},
	organization={ACM}
}

@inproceedings{ErxlebenGKMV14,
	author    = {Fredo Erxleben and
	Michael G{\"{u}}nther and
	Markus Kr{\"{o}}tzsch and
	Julian Mendez and
	Denny Vrandecic},
	title     = {Introducing Wikidata to the Linked Data Web},
	booktitle = {The Semantic Web - {ISWC} 2014 - 13th International Semantic Web Conference,
	Riva del Garda, Italy, October 19-23, 2014. Proceedings, Part {I}},
	pages     = {50--65},
	year      = {2014},
	organization={Springer}
}

@inproceedings{KaferUHP12,
	author    = {Tobias K{\"{a}}fer and
	J{\"{u}}rgen Umbrich and
	Aidan Hogan and
	Axel Polleres},
	title     = {DyLDO: Towards a Dynamic Linked Data Observatory},
	booktitle = {{WWW2012} Workshop on Linked Data on the Web, Lyon, France, 16 April,
	2012},
	year      = {2012}
}

@inproceedings{DividinoGS15,
	author    = {Renata Queiroz Dividino and
	Thomas Gottron and
	Ansgar Scherp},
	title     = {Strategies for Efficiently Keeping Local Linked Open Data Caches Up-To-Date},
	booktitle = {The Semantic Web - {ISWC} 2015 - 14th International Semantic Web Conference,
	Bethlehem, PA, USA, October 11-15, 2015, Proceedings, Part {II}},
	pages     = {356--373},
	year      = {2015},
	organization={Springer}
}

@inproceedings{DividinoKG14,
	author    = {Renata Queiroz Dividino and
	Andr{\'{e}} Kramer and
	Thomas Gottron},
	title     = {An Investigation of {HTTP} Header Information for Detecting Changes
	of Linked Open Data Sources},
	booktitle = {The Semantic Web: {ESWC} 2014 Satellite Events - {ESWC} 2014 Satellite
	Events, Anissaras, Crete, Greece, May 25-29, 2014, Revised Selected
	Papers},
	pages     = {199--203},
	year      = {2014},
	organization={Springer}
}

@inproceedings{DividinoGSG14,
	author    = {Renata Queiroz Dividino and
	Thomas Gottron and
	Ansgar Scherp and
	Gerd Gr{\"{o}}ner},
	title     = {From Changes to Dynamics: Dynamics Analysis of Linked Open Data Sources},
	booktitle = {Proceedings of the 1st International Workshop on Dataset PROFIling
	{\&} fEderated Search for Linked Data co-located with the 11th
	Extended Semantic Web Conference, PROFILES@ESWC 2014, Anissaras, Crete,
	Greece, May 26, 2014.},
	year      = {2014}
}

@inproceedings{EdwardsMT01,
	author    = {Jenny Edwards and
	Kevin S. McCurley and
	John A. Tomlin},
	title     = {An adaptive model for optimizing performance of an incremental web
	crawler},
	booktitle = {Proceedings of the Tenth International World Wide Web Conference,
	{WWW} 10, Hong Kong, China, May 1-5, 2001},
	pages     = {106--113},
	year      = {2001},
	organization={ACM}
}

@article{TanM10,
	author    = {Qingzhao Tan and
	Prasenjit Mitra},
	title     = {Clustering-based incremental web crawling},
	journal   = {{ACM} Trans. Inf. Syst.},
	volume    = {28},
	number    = {4},
	pages     = {17:1--17:27},
	year      = {2010},
	publisher={ACM}
}

@article{VrandecicK14,
	author    = {Denny Vrandecic and
	Markus Kr{\"{o}}tzsch},
	title     = {Wikidata: a free collaborative knowledgebase},
	journal   = {Commun. {ACM}},
	volume    = {57},
	number    = {10},
	pages     = {78--85},
	year      = {2014},
	publisher={ACM}
}

@inproceedings{UmbrichMP15,
	author    = {J{\"{u}}rgen Umbrich and
	Nina Mrzelj and
	Axel Polleres},
	title     = {Towards capturing and preserving changes on the Web of Data},
	booktitle = {Proceedings of the First {DIACHRON} Workshop on Managing the Evolution
	and Preservation of the Data Web co-located with 12th European Semantic
	Web Conference {(ESWC} 2015), Portoro{\v{z}}, Slovenia, May 31, 2015.},
	pages     = {50--65},
	year      = {2015}
}

@inproceedings{RoussakisCSFS15,
	author    = {Yannis Roussakis and
	Ioannis Chrysakis and
	Kostas Stefanidis and
	Giorgos Flouris and
	Yannis Stavrakas},
	title     = {A Flexible Framework for Understanding the Dynamics of Evolving {RDF}
	Datasets},
	booktitle = {The Semantic Web - {ISWC} 2015 - 14th International Semantic Web Conference,
	Bethlehem, PA, USA, October 11-15, 2015, Proceedings, Part {I}},
	pages     = {495--512},
	year      = {2015},
	publisher = {Springer}
}

@inproceedings{DividinoSGG13,
	author    = {Renata Queiroz Dividino and
	Ansgar Scherp and
	Gerd Gr{\"{o}}ner and
	Thomas Grotton},
	title     = {Change-a-LOD: Does the Schema on the Linked Data Cloud Change or Not?},
	booktitle = {Proceedings of the Fourth International Workshop on Consuming Linked
	Data, {COLD} 2013, Sydney, Australia, October 22, 2013},
	year      = {2013},
	publisher = {CEUR-WS.org}
}

@inproceedings{UmbrichVH10,
	author    = {J{\"{u}}rgen Umbrich and
	Boris Villaz{\'{o}}n{-}Terrazas and
	Michael Hausenblas},
	title     = {Dataset Dynamics Compendium: {A} Comparative Study},
	booktitle = {Proceedings of the First International Workshop on Consuming Linked
	Data, Shanghai, China, November 8, 2010},
	year      = {2010},
	publisher = {CEUR-WS.org}
}

@inproceedings{AuerDML12,
	author    = {S{\"{o}}ren Auer and
	Jan Demter and
	Michael Martin and
	Jens Lehmann},
	title     = {LODStats - An Extensible Framework for High-Performance Dataset Analytics},
	booktitle = {Knowledge Engineering and Knowledge Management - 18th International
	Conference, {EKAW} 2012, Galway City, Ireland, October 8-12, 2012.
	Proceedings},
	pages     = {353--362},
	year      = {2012},
	publisher = {Springer}
}

@phdthesis{Dividino17,
	author    = {Renata Queiroz Dividino},
	title     = {Managing and using provenance in the semantic web},
	school    = {University of Koblenz and Landau, Germany},
	year      = {2017}
}

@inproceedings{DingF06,
	author    = {Li Ding and
	Tim Finin},
	title     = {Characterizing the Semantic Web on the Web},
	booktitle = {The Semantic Web - {ISWC} 2006, 5th International Semantic Web Conference, {ISWC} 2006, Athens, GA, USA, November 5-9, 2006, Proceedings},
	pages     = {242--257},
	year      = {2006},
	publisher = {Springer}
}

@article{KonrathGSS12,
	author    = {Mathias Konrath and
	Thomas Gottron and
	Steffen Staab and
	Ansgar Scherp},
	title     = {SchemEX - Efficient construction of a data catalogue by stream-based indexing of linked data},
	journal   = {J. Web Sem.},
	volume    = {16},
	pages     = {52--58},
	year      = {2012}
}

@inproceedings{SchmachtenbergBP14,
	author    = {Max Schmachtenberg and
	Christian Bizer and
	Heiko Paulheim},
	title     = {Adoption of the Linked Data Best Practices in Different Topical Domains},
	booktitle = {The Semantic Web - {ISWC} 2014 - 13th International Semantic Web Conference, Riva del Garda, Italy, October 19-23, 2014. Proceedings, Part {I}},
	pages     = {245--260},
	year      = {2014},
	publisher = {Springer}
}

@inproceedings{HausenblasHRFA09,
	author    = {Michael Hausenblas and
	Wolfgang Halb and
	Yves Raimond and
	Lee Feigenbaum and
	Danny Ayers},
	title     = {{SCOVO:} Using Statistics on the Web of Data},
	booktitle = {The Semantic Web: Research and Applications, 6th European Semantic Web Conference, {ESWC} 2009, Heraklion, Crete, Greece, May 31-June
	4, 2009, Proceedings},
	pages     = {708--722},
	year      = {2009},
	publisher = {Springer}
}

@inproceedings{AlexanderCHZ09,
	author    = {Keith Alexander and
	Richard Cyganiak and
	Michael Hausenblas and
	Jun Zhao},
	title     = {Describing Linked Datasets},
	booktitle = {Proceedings of the {WWW2009} Workshop on Linked Data on the Web, {LDOW} 2009, Madrid, Spain, April 20, 2009.},
	year      = {2009},
	publisher = {CEUR-WS.org}
}

@inproceedings{Hartig11,
	author    = {Olaf Hartig},
	title     = {Zero-Knowledge Query Planning for an Iterator Implementation of Link
	Traversal Based Query Execution},
	booktitle = {The Semantic Web: Research and Applications - 8th Extended Semantic Web Conference, {ESWC} 2011, Heraklion, Crete, Greece, May 29-June
	2, 2011, Proceedings, Part {I}},
	pages     = {154--169},
	year      = {2011},
	publisher = {Springer}
}

@inproceedings{DehghanzadehPKUHD14,
	author    = {Soheila Dehghanzadeh and
	Josiane Xavier Parreira and
	Marcel Karnstedt and
	J{\"{u}}rgen Umbrich and
	Manfred Hauswirth and
	Stefan Decker},
	title     = {Optimizing {SPARQL} Query Processing on Dynamic and Static Data Based
	on Query Time/Freshness Requirements Using Materialization},
	booktitle = {Semantic Technology - 4th Joint International Conference, {JIST} 2014,
	Chiang Mai, Thailand, November 9-11, 2014. Revised Selected Papers},
	pages     = {257--270},
	year      = {2014},
	publisher = {Springer}
}

@inproceedings{VolkelG06,
	title={SemVersion: An RDF-based ontology versioning system},
	author={V{\"o}lkel, Max and 
	Groza, Tudor},
	booktitle={Proceedings of the IADIS international conference WWW/Internet},
	volume={2006},
	pages={44},
	year={2006}
}

@inproceedings{GottronSKP13,
	author    = {Thomas Gottron and
	Ansgar Scherp and
	Bastian Krayer and
	Arne Peters},
	title     = {LODatio: using a schema-level index to support users infinding relevant
	sources of linked data},
	booktitle = {Proceedings of the 7th International Conference on Knowledge Capture,
	{K-CAP} 2013, Banff, Canada, June 23-26, 2013},
	pages     = {105--108},
	year      = {2013},
	publisher = {{ACM}}
}

@inproceedings{NeumannM11,
	author    = {Thomas Neumann and
	Guido Moerkotte},
	title     = {Characteristic sets: Accurate cardinality estimation for {RDF} queries
	with multiple joins},
	booktitle = {Proceedings of the 27th International Conference on Data Engineering,
	{ICDE} 2011, April 11-16, 2011, Hannover, Germany},
	pages     = {984--994},
	year      = {2011},
	publisher = {{IEEE} Computer Society}
}

@inproceedings{SchaibleGSS13,
	author    = {Johann Schaible and
	Thomas Gottron and
	Stefan Scheglmann and
	Ansgar Scherp},
	title     = {{LOVER:} support for modeling data using linked open vocabularies},
	booktitle = {Joint 2013 {EDBT/ICDT} Conferences, {EDBT/ICDT} '13, Genoa, Italy,
	March 22, 2013, Workshop Proceedings},
	pages     = {89--92},
	year      = {2013},
	publisher = {{ACM}}
}

@inproceedings{StuckenschmidtVHB04,
	author    = {Heiner Stuckenschmidt and
	Richard Vdovjak and
	Geert{-}Jan Houben and
	Jeen Broekstra},
	title     = {Index structures and algorithms for querying distributed {RDF} repositories},
	booktitle = {Proceedings of the 13th international conference on World Wide Web,
	{WWW} 2004, New York, NY, USA, May 17-20, 2004},
	pages     = {631--639},
	year      = {2004},
	publisher = {{ACM}}
}

@inproceedings{UmbrichKL10,
	author    = {J{\"{u}}rgen Umbrich and
	Marcel Karnstedt and
	Sebastian Land},
	title     = {Towards Understanding the Changing Web: Mining the Dynamics of Linked-Data
	Sources and Entities},
	booktitle = {{LWA} 2010 - Lernen, Wissen {\&} Adaptivit{\"{a}}t, Workshop
	Proceedings, Kassel, 4.-6. Oktober 2010},
	pages     = {159--162},
	year      = {2010}
}

@inproceedings{PassantM10,
	author    = {Alexandre Passant and
	Pablo N. Mendes},
	title     = {sparqlPuSH: Proactive Notification of Data Updates in {RDF} Stores Using PubSubHubbub},
	booktitle = {Proceedings of the Sixth Workshop on Scripting and Development for
	the Semantic Web, Crete, Greece, May 31, 2010},
	year      = {2010},
	publisher = {CEUR-WS.org}
}

@inproceedings{ekawUmbrichKHP12,
	author    = {J{\"{u}}rgen Umbrich and
	Marcel Karnstedt and
	Aidan Hogan and
	Josiane Xavier Parreira},
	title     = {Freshening up while Staying Fast: Towards Hybrid {SPARQL} Queries},
	booktitle = {Knowledge Engineering and Knowledge Management - 18th International
	Conference, {EKAW} 2012, Galway City, Ireland, October 8-12, 2012.
	Proceedings},
	pages     = {164--174},
	year      = {2012},
	publisher = {Springer}
}

@inproceedings{NeumaierU16,
	author    = {Sebastian Neumaier and
	J{\"{u}}rgen Umbrich},
	title     = {Measures for Assessing the Data Freshness in Open Data Portals},
	booktitle = {2nd International Conference on Open and Big Data, {OBD} 2016, Vienna,
	Austria, August 22-24, 2016},
	pages     = {17--24},
	year      = {2016},
	publisher = {{IEEE} Computer Society}
}

@inproceedings{NishiokaS16,
	author    = {Chifumi Nishioka and
	Ansgar Scherp},
	title     = {Information-theoretic Analysis of Entity Dynamics on the Linked Open
	Data Cloud},
	booktitle = {Proceedings of the 3rd International Workshop on Dataset PROFIling
	and fEderated Search for Linked Data {(PROFILES} '16) co-located with
	the 13th {ESWC} 2016 Conference, Anissaras, Greece, May 30, 2016.},
	year      = {2016},
	publisher = {CEUR-WS.org}
}

@inproceedings{KaferWA17,
	author    = {Tobias K{\"{a}}fer and
	Alexandra Wins and
	Maribel Acosta},
	title     = {Modelling and Analysing Dynamic Linked Data using {RDF} and {SPARQL}},
	booktitle = {Proceedings of the 4th International Workshop on Dataset PROFIling
	and fEderated Search for Web Data {(PROFILES} 2017) co-located with
	The 16th International Semantic Web Conference {(ISWC} 2017), Vienna,
	Austria, October 22, 2017.},
	year      = {2017},
	publisher = {CEUR-WS.org}
}

@inproceedings{NishiokaS18,
	author    = {Chifumi Nishioka and
	Ansgar Scherp},
	title     = {Analysing the Evolution of Knowledge Graphs for the Purpose of Change
	Verification},
	booktitle = {12th {IEEE} International Conference on Semantic Computing, {ICSC}
	2018, Laguna Hills, CA, USA, January 31 - February 2, 2018},
	pages     = {25--32},
	year      = {2018},
	publisher = {{IEEE} Computer Society}
}

@inproceedings{GonzalezH18,
	author    = {Larry Gonz{\'{a}}lez and
	Aidan Hogan},
	title     = {Modelling Dynamics in Semantic Web Knowledge Graphs with Formal Concept
	Analysis},
	booktitle = {Proceedings of the 2018 World Wide Web Conference on World Wide Web,
	{WWW} 2018, Lyon, France, April 23-27, 2018},
	pages     = {1175--1184},
	year      = {2018},
	publisher = {{ACM}}
}

@inproceedings{GraubeHU14,
	author    = {Markus Graube and
	Stephan Hensel and
	Leon Urbas},
	title     = {R43ples: Revisions for Triples - An Approach for Version Control in
	the Semantic Web},
	booktitle = {Proceedings of the 1st Workshop on Linked Data Quality co-located
	with 10th International Conference on Semantic Systems, LDQ@SEMANTiCS
	2014, Leipzig, Germany, September 2nd, 2014.},
	year      = {2014},
	publisher = {CEUR-WS.org}	
}

@article{Ellefi17,
	title={Rdf dataset profiling-a survey of features, methods, vocabularies and applications},
	author={Ellefi, Mohamed Ben and Bellahsene, Zohra and Breslin, J and Demidova, Elena and Dietze, Stefan and Szymanski, Julian and Todorov, Konstantin},
	journal={Semantic Web},
	year={2017}
}

@article{PapavasileiouFFKC13,
	author    = {Vicky Papavasileiou and
	Giorgos Flouris and
	Irini Fundulaki and
	Dimitris Kotzinos and
	Vassilis Christophides},
	title     = {High-level change detection in {RDF(S)} KBs},
	journal   = {{ACM} Trans. Database Syst.},
	year      = {2013}
}

@inproceedings{HarthUD06,
	author    = {Andreas Harth and
	J{\"{u}}rgen Umbrich and
	Stefan Decker},
	title     = {MultiCrawler: {A} Pipelined Architecture for Crawling and Indexing
	Semantic Web Data},
	booktitle = {The Semantic Web - {ISWC} 2006, 5th International Semantic Web Conference,
	{ISWC} 2006, Athens, GA, USA, November 5-9, 2006, Proceedings},
	pages     = {258--271},
	year      = {2006},
	publisher = {Springer}
}

@inproceedings{IseleUBH10,
	author    = {Robert Isele and
	J{\"{u}}rgen Umbrich and
	Christian Bizer and
	Andreas Harth},
	title     = {LDspider: An Open-source Crawling Framework for the Web of Linked
	Data},
	booktitle = {Proceedings of the {ISWC} 2010 Posters {\&} Demonstrations Track:
	Collected Abstracts, Shanghai, China, November 9, 2010},
	year      = {2010},
	publisher = {CEUR-WS.org}
}

@inproceedings{Hogan15,
	author    = {Aidan Hogan},
	title     = {Skolemising Blank Nodes while Preserving Isomorphism},
	booktitle = {Proceedings of the 24th International Conference on World Wide Web,
	{WWW} 2015, Florence, Italy, May 18-22, 2015},
	pages     = {430--440},
	year      = {2015},
	publisher = {{ACM}}
}

@misc{TunnicliffeD09,
  title={Changeset vocabulary},
  author={Tunnicliffe, Sam and Davis, Ian},
  year={2009}
}

@article{Berners04,
	title={Delta: an ontology for the distribution of differences between RDF graphs},
	author={Berners-Lee, Tim and Connolly, Dan},
	journal={World Wide Web, http://www.w3.org/DesignIssues/Diff},
	volume={4},
	number={3},
	pages={4--3},
	year={2004}
}

@inproceedings{TrampFEA10,
	author    = {Sebastian Tramp and
	Philipp Frischmuth and
	Timofey Ermilov and
	S{\"{o}}ren Auer},
	title     = {Weaving a Social Data Web with Semantic Pingback},
	booktitle = {Knowledge Engineering and Management by the Masses - 17th International
	Conference, {EKAW} 2010, Lisbon, Portugal, October 11-15, 2010. Proceedings},
	pages     = {135--149},
	year      = {2010},
	publisher = {Springer}
}

@inproceedings{TummarelloMBE07,
	author    = {Giovanni Tummarello and
	Christian Morbidoni and
	Reto Bachmann{-}Gm{\"{u}}r and
	Orri Erling},
	title     = {RDFSync: Efficient Remote Synchronization of {RDF} Models},
	booktitle = {The Semantic Web, 6th International Semantic Web Conference, 2nd Asian
	Semantic Web Conference, {ISWC} 2007 + {ASWC} 2007, Busan, Korea,
	November 11-15, 2007.},
	pages     = {537--551},
	year      = {2007},
	publisher = {Springer}
}

@incollection{MaderMS14,
	author    = {Christian Mader and
	Michael Martin and
	Claus Stadler},
	title     = {Facilitating the Exploration and Visualization of Linked Data},
	booktitle = {Linked Open Data - Creating Knowledge Out of Interlinked Data - Results
	of the {LOD2} Project},
	pages     = {90--107},
	year      = {2014},
	publisher = {Springer}
}

@article{MissierACDG07,
	author    = {Paolo Missier and
	Pinar Alper and
	{\'{O}}scar Corcho and
	Ian Dunlop and
	Carole A. Goble},
	title     = {Requirements and Services for Metadata Management},
	journal   = {{IEEE} Internet Computing},
	volume    = {11},
	number    = {5},
	pages     = {17--25},
	year      = {2007}
}

@article{Nottingham05,
	title={The atom syndication format},
	author={Nottingham, Mark and Sayre, Robert},
	year={2005}
}

@article{Fitzpatrick10,
	title={Pubsubhubbub core 0.3--working draft},
	author={Fitzpatrick, Brad and Slatkin, Brett and Atkins, Martin and Genestoux, Julien},
	journal={Project Hosting on Google Code},
	year={2010}
}

@inproceedings{Kjernsmo15,
	author    = {Kjetil Kjernsmo},
	title     = {A Survey of {HTTP} Caching Implementations on the Open Semantic Web},
	booktitle = {The Semantic Web. Latest Advances and New Domains - 12th European
	Semantic Web Conference, {ESWC} 2015, Portoroz, Slovenia, May 31 -
	June 4, 2015. Proceedings},
	pages     = {286--301},
	year      = {2015},
	publisher = {Springer}
}

@inproceedings{RulaPHSM12,
	author    = {Anisa Rula and
	Matteo Palmonari and
	Andreas Harth and
	Steffen Stadtm{\"{u}}ller and
	Andrea Maurino},
	title     = {On the Diversity and Availability of Temporal Information in Linked
	Open Data},
	booktitle = {The Semantic Web - {ISWC} 2012 - 11th International Semantic Web Conference,
	Boston, MA, USA, November 11-15, 2012, Proceedings, Part {I}},
	pages     = {492--507},
	year      = {2012},
	publisher = {Springer}
}

@inproceedings{ChoG00,
	author    = {Junghoo Cho and
	Hector Garcia{-}Molina},
	title     = {The Evolution of the Web and Implications for an Incremental Crawler},
	booktitle = {{VLDB} 2000, Proceedings of 26th International Conference on Very
	Large Data Bases, September 10-14, 2000, Cairo, Egypt},
	pages     = {200--209},
	year      = {2000},
	publisher = {Morgan Kaufmann}
}

@article{ChoG03,
	author    = {Junghoo Cho and
	Hector Garcia{-}Molina},
	title     = {Estimating frequency of change},
	journal   = {{ACM} Trans. Internet Techn.},
	volume    = {3},
	number    = {3},
	pages     = {256--290},
	year      = {2003}
}

@inproceedings{UmbrichKPPH12,
	author    = {J{\"{u}}rgen Umbrich and
	Marcel Karnstedt and
	Josiane Xavier Parreira and
	Axel Polleres and
	Manfred Hauswirth},
	title     = {Linked Data and Live Querying for Enabling Support Platforms for Web
	Dataspaces},
	booktitle = {Workshops Proceedings of the {IEEE} 28th International Conference
	on Data Engineering, {ICDE} 2012, Arlington, VA, USA, April 1-5, 2012},
	pages     = {23--28},
	year      = {2012},
	publisher = {{IEEE} Computer Society}
}

@inproceedings{AliciAOCU12,
	author    = {Sadiye Alici and
	Ismail Seng{\"{o}}r Alting{\"{o}}vde and
	Rifat Ozcan and
	Berkant Barla Cambazoglu and
	{\"{O}}zg{\"{u}}r Ulusoy},
	title     = {Adaptive Time-to-Live Strategies for Query Result Caching in Web Search
	Engines},
	booktitle = {Advances in Information Retrieval - 34th European Conference on {IR}
	Research, {ECIR} 2012, Barcelona, Spain, April 1-5, 2012. Proceedings},
	pages     = {401--412},
	year      = {2012},
	publisher = {Springer}
}

@inproceedings{LampoVDR11,
	author    = {Tomas Lampo and
	Maria{-}Esther Vidal and
	Juan Danilow and
	Edna Ruckhaus},
	title     = {To Cache or Not To Cache: The Effects of Warming Cache in Complex
	{SPARQL} Queries},
	booktitle = {On the Move to Meaningful Internet Systems: {OTM} 2011 - Confederated
	International Conferences: CoopIS, DOA-SVI, and {ODBASE} 2011, Hersonissos,
	Crete, Greece, October 17-21, 2011, Proceedings, Part {II}},
	pages     = {716--733},
	year      = {2011},
	publisher = {Springer}
}

@incollection{GorlitzS11,
	author    = {Olaf G{\"{o}}rlitz and
	Steffen Staab},
	title     = {Federated Data Management and Query Optimization for Linked Open Data},
	booktitle = {New Directions in Web Data Management 1},
	pages     = {109--137},
	year      = {2011},
	publisher = {Springer}
}

@article{MontoyaISMV14,
	author    = {Gabriela Montoya and
	Luis Daniel Ib{\'{a}}{\~{n}}ez and
	Hala Skaf{-}Molli and
	Pascal Molli and
	Maria{-}Esther Vidal},
	title     = {SemLAV: Local-As-View Mediation for {SPARQL} Queries},
	journal   = {Trans. Large-Scale Data- and Knowledge-Centered Systems},
	volume    = {13},
	pages     = {33--58},
	year      = {2014},
	publisher = {Springer}
}

@inproceedings{Hartig13,
	author    = {Olaf Hartig},
	title     = {{SQUIN:} a traversal based query execution system for the web of linked
	data},
	booktitle = {Proceedings of the {ACM} {SIGMOD} International Conference on Management
	of Data, {SIGMOD} 2013, New York, NY, USA, June 22-27, 2013},
	pages     = {1081--1084},
	year      = {2013},
	publisher = {{ACM}}
}

@inproceedings{HartigBF09,
	author    = {Olaf Hartig and
	Christian Bizer and
	Johann Christoph Freytag},
	title     = {Executing {SPARQL} Queries over the Web of Linked Data},
	booktitle = {The Semantic Web - {ISWC} 2009, 8th International Semantic Web Conference,
	{ISWC} 2009, Chantilly, VA, USA, October 25-29, 2009. Proceedings},
	pages     = {293--309},
	year      = {2009},
	publisher = {Springer}
}

@inproceedings{KotidisR99,
	author    = {Yannis Kotidis and
	Nick Roussopoulos},
	title     = {DynaMat: {A} Dynamic View Management System for Data Warehouses},
	booktitle = {{SIGMOD} 1999, Proceedings {ACM} {SIGMOD} International Conference
	on Management of Data, June 1-3, 1999, Philadelphia, Pennsylvania,
	{USA.}},
	pages     = {371--382},
	year      = {1999},
	publisher = {{ACM} Press}
}

@article{dhoteA09,
	title={Materialized View Selection in Data Warehousing: A Survey},
	author={Dhote, CA and Ali, MS},
	journal={Journal of Applied Sciences},
	volume={9},
	pages={401--414},
	year={2009}
}

@inproceedings{TummarelloDO07,
	author    = {Giovanni Tummarello and
	Renaud Delbru and
	Eyal Oren},
	title     = {Sindice.com: Weaving the Open Linked Data},
	booktitle = {The Semantic Web, 6th International Semantic Web Conference, 2nd Asian
	Semantic Web Conference, {ISWC} 2007 + {ASWC} 2007, Busan, Korea,
	November 11-15, 2007.},
	pages     = {552--565},
	year      = {2007},
	publisher = {Springer}	
}

@article{VerborghSHHVMHC16,
	author    = {Ruben Verborgh and
	Miel Vander Sande and
	Olaf Hartig and
	Joachim Van Herwegen and
	Laurens De Vocht and
	Ben De Meester and
	Gerald Haesendonck and
	Pieter Colpaert},
	title     = {Triple Pattern Fragments: {A} low-cost knowledge graph interface for
	the Web},
	journal   = {J. Web Sem.},
	volume    = {37-38},
	pages     = {184--206},
	year      = {2016}
}

@article{GoasdoueKLM11,
	author    = {Fran{\c{c}}ois Goasdou{\'{e}} and
	Konstantinos Karanasos and
	Julien Leblay and
	Ioana Manolescu},
	title     = {View Selection in Semantic Web Databases},
	journal   = {{PVLDB}},
	volume    = {5},
	number    = {2},
	pages     = {97--108},
	year      = {2011}
}

@book{CastilloRL10,
	title={RDFMatView: Idexing RDF Data for SPARQL Queries},
	author={Castillo, Roger and Rothe, Christian and Leser, Ulf},
	year      = {2010}
}

@inproceedings{CyganiakSDDT08,
	author    = {Richard Cyganiak and
	Holger Stenzhorn and
	Renaud Delbru and
	Stefan Decker and
	Giovanni Tummarello},
	title     = {Semantic Sitemaps: Efficient and Flexible Access to Datasets on the
	Semantic Web},
	booktitle = {The Semantic Web: Research and Applications, 5th European Semantic
	Web Conference, {ESWC} 2008, Tenerife, Canary Islands, Spain, June
	1-5, 2008, Proceedings},
	pages     = {690--704},
	year      = {2008},
	publisher = {Springer}
}

@article{Dady10,
	title={Dataset dynamics (dady) vocabulary},
	author={Michael Hausenblas},
	year      = {2010},
	journal={URL http://vocab.deri.ie/dady/}
}

@phdthesis{dehghanzadeh2017,
	title={Cache maintenance in federated query processing based on quality of service constraints},
	author={Dehghanzadeh, Soheila},
	year={2017}
}

@inproceedings{FerraraLMV08,
	author    = {Alfio Ferrara and
	Davide Lorusso and
	Stefano Montanelli and
	Gaia Varese},
	title     = {Towards a Benchmark for Instance Matching},
	booktitle = {Proceedings of the 3rd International Workshop on Ontology Matching
	{(OM-2008)} Collocated with the 7th International Semantic Web Conference
	(ISWC-2008), Karlsruhe, Germany, October 26, 2008},
	year      = {2008},
	url       = {http://ceur-ws.org/Vol-431/om2008\_Tpaper4.pdf},
	timestamp = {Tue, 28 May 2019 16:23:25 +0200},
	biburl    = {https://dblp.org/rec/bib/conf/semweb/FerraraLMV08},
	bibsource = {dblp computer science bibliography, https://dblp.org}
}

@inproceedings{PopitschH10,
	author    = {Niko Popitsch and
	Bernhard Haslhofer},
	title     = {DSNotify: handling broken links in the web of data},
	booktitle = {Proceedings of the 19th International Conference on World Wide Web,
	{WWW} 2010, Raleigh, North Carolina, USA, April 26-30, 2010},
	pages     = {761--770},
	year      = {2010},
	url       = {https://doi.org/10.1145/1772690.1772768},
	doi       = {10.1145/1772690.1772768},
	timestamp = {Tue, 06 Nov 2018 16:57:10 +0100},
	biburl    = {https://dblp.org/rec/bib/conf/www/PopitschH10},
	bibsource = {dblp computer science bibliography, https://dblp.org}
}

@article{PopitschH11,
	author    = {Niko Popitsch and
	Bernhard Haslhofer},
	title     = {DSNotify - {A} solution for event detection and link maintenance in
	dynamic datasets},
	journal   = {J. Web Semant.},
	volume    = {9},
	number    = {3},
	pages     = {266--283},
	year      = {2011},
	url       = {https://doi.org/10.1016/j.websem.2011.05.002},
	doi       = {10.1016/j.websem.2011.05.002},
	timestamp = {Tue, 29 Jan 2019 12:27:05 +0100},
	biburl    = {https://dblp.org/rec/bib/journals/ws/PopitschH11},
	bibsource = {dblp computer science bibliography, https://dblp.org}
}

@inproceedings{DehghanzadehDGV15,
	author    = {Soheila Dehghanzadeh and
	Daniele Dell'Aglio and
	Shen Gao and
	Emanuele Della Valle and
	Alessandra Mileo and
	Abraham Bernstein},
	title     = {Approximate Continuous Query Answering over Streams and Dynamic Linked
	Data Sets},
	booktitle = {Engineering the Web in the Big Data Era - 15th International Conference,
	{ICWE} 2015, Rotterdam, The Netherlands, June 23-26, 2015, Proceedings},
	pages     = {307--325},
	year      = {2015},
	url       = {https://doi.org/10.1007/978-3-319-19890-3\_20},
	doi       = {10.1007/978-3-319-19890-3\_20},
	timestamp = {Mon, 16 Sep 2019 15:28:12 +0200},
	biburl    = {https://dblp.org/rec/bib/conf/icwe/DehghanzadehDGV15},
	bibsource = {dblp computer science bibliography, https://dblp.org}
}

@book{BancilhonDK92,
	editor    = {Fran{\c{c}}ois Bancilhon and
	Claude Delobel and
	Paris C. Kanellakis},
	title     = {Building an Object-Oriented Database System, The Story of {O2}},
	publisher = {Morgan Kaufmann},
	year      = {1992},
	isbn      = {1-55860-169-4},
	timestamp = {Sun, 04 Aug 2019 17:55:10 +0200},
	biburl    = {https://dblp.org/rec/bib/books/mk/BancilhonDK92},
	bibsource = {dblp computer science bibliography, https://dblp.org}
}

@article{Roddick95,
	author    = {John F. Roddick},
	title     = {A survey of schema versioning issues for database systems},
	journal   = {Information {\&} Software Technology},
	volume    = {37},
	number    = {7},
	pages     = {383--393},
	year      = {1995},
	url       = {https://doi.org/10.1016/0950-5849(95)91494-K},
	doi       = {10.1016/0950-5849(95)91494-K},
	timestamp = {Wed, 14 Nov 2018 10:17:13 +0100},
	biburl    = {https://dblp.org/rec/bib/journals/infsof/Roddick95},
	bibsource = {dblp computer science bibliography, https://dblp.org}
}

@inproceedings{AlmeidaMC07,
	author    = {Rodrigo B. Almeida and
	Barzan Mozafari and
	Junghoo Cho},
	title     = {On the Evolution of Wikipedia},
	booktitle = {Proceedings of the First International Conference on Weblogs and Social
	Media, {ICWSM} 2007, Boulder, Colorado, USA, March 26-28, 2007},
	year      = {2007},
	url       = {http://www.icwsm.org/papers/paper2.html},
	timestamp = {Tue, 21 Jun 2016 07:39:57 +0200},
	biburl    = {https://dblp.org/rec/bib/conf/icwsm/AlmeidaMC07},
	bibsource = {dblp computer science bibliography, https://dblp.org}
}

@inproceedings{LernerH90,
	author    = {Barbara Staudt Lerner and
	A. Nico Habermann},
	title     = {Beyond Schema Evolution to Database Reorganization},
	booktitle = {Conference on Object-Oriented Programming Systems, Languages, and
	Applications / European Conference on Object-Oriented Programming
	(OOPSLA/ECOOP), Ottawa, Canada, October 21-25, 1990, Proceedings},
	pages     = {67--76},
	year      = {1990},
	url       = {https://doi.org/10.1145/97945.97956},
	doi       = {10.1145/97945.97956},
	timestamp = {Tue, 06 Nov 2018 16:57:15 +0100},
	biburl    = {https://dblp.org/rec/bib/conf/oopsla/LernerH90},
	bibsource = {dblp computer science bibliography, https://dblp.org}
}

@article{ZablithAdFKMPS15,
	author    = {Fouad Zablith and
	Grigoris Antoniou and
	Mathieu d'Aquin and
	Giorgos Flouris and
	Haridimos Kondylakis and
	Enrico Motta and
	Dimitris Plexousakis and
	Marta Sabou},
	title     = {Ontology evolution: a process-centric survey},
	journal   = {Knowledge Eng. Review},
	volume    = {30},
	number    = {1},
	pages     = {45--75},
	year      = {2015},
	url       = {https://doi.org/10.1017/S0269888913000349},
	doi       = {10.1017/S0269888913000349},
	timestamp = {Wed, 14 Nov 2018 10:49:05 +0100},
	biburl    = {https://dblp.org/rec/journals/ker/ZablithAdFKMPS15.bib},
	bibsource = {dblp computer science bibliography, https://dblp.org}
}

@techreport{keele07,
	title={Guidelines for performing systematic literature reviews in software engineering},
	author={Keele, Staffs and others},
	year={2007},
	institution={Technical report, Ver. 2.3 EBSE Technical Report. EBSE}
}

@inproceedings{Wohlin14,
	author    = {Claes Wohlin},
	title     = {Guidelines for snowballing in systematic literature studies and a
	replication in software engineering},
	booktitle = {18th International Conference on Evaluation and Assessment in Software
	Engineering, {EASE} '14, London, England, United Kingdom, May 13-14,
	2014},
	pages     = {38:1--38:10},
	year      = {2014},
	url       = {https://doi.org/10.1145/2601248.2601268},
	doi       = {10.1145/2601248.2601268},
	timestamp = {Tue, 06 Nov 2018 11:07:28 +0100},
	biburl    = {https://dblp.org/rec/conf/ease/Wohlin14.bib},
	bibsource = {dblp computer science bibliography, https://dblp.org}
}

@article{snyder19,
	title={Literature review as a research methodology: An overview and guidelines},
	author={Snyder, Hannah},
	journal={Journal of Business Research},
	volume={104},
	pages={333--339},
	year={2019},
	publisher={Elsevier}
}

@article{ZeginisTC11,
	author    = {Dimitris Zeginis and
	Yannis Tzitzikas and
	Vassilis Christophides},
	title     = {On Computing Deltas of {RDF/S} Knowledge Bases},
	journal   = {{TWEB}},
	volume    = {5},
	number    = {3},
	pages     = {14:1--14:36},
	year      = {2011},
	url       = {https://doi.org/10.1145/1993053.1993056},
	doi       = {10.1145/1993053.1993056},
	timestamp = {Tue, 06 Nov 2018 12:51:20 +0100},
	biburl    = {https://dblp.org/rec/journals/tweb/ZeginisTC11.bib},
	bibsource = {dblp computer science bibliography, https://dblp.org}
}

@inproceedings{AuerDLHA09,
	author    = {S{\"{o}}ren Auer and
	Sebastian Dietzold and
	Jens Lehmann and
	Sebastian Hellmann and
	David Aumueller},
	title     = {Triplify: light-weight linked data publication from relational databases},
	booktitle = {Proceedings of the 18th International Conference on World Wide Web,
	{WWW} 2009, Madrid, Spain, April 20-24, 2009},
	pages     = {621--630},
	year      = {2009},
	url       = {https://doi.org/10.1145/1526709.1526793},
	doi       = {10.1145/1526709.1526793},
	timestamp = {Wed, 30 Jan 2019 11:05:26 +0100},
	biburl    = {https://dblp.org/rec/conf/www/AuerDLHA09.bib},
	bibsource = {dblp computer science bibliography, https://dblp.org}
}

@inproceedings{NoyCLM06,
	author    = {Natalya Fridman Noy and
	Abhita Chugh and
	William Liu and
	Mark A. Musen},
	title     = {A Framework for Ontology Evolution in Collaborative Environments},
	booktitle = {The Semantic Web - {ISWC} 2006, 5th International Semantic Web Conference,
	{ISWC} 2006, Athens, GA, USA, November 5-9, 2006, Proceedings},
	pages     = {544--558},
	year      = {2006},
	url       = {https://doi.org/10.1007/11926078\_39},
	doi       = {10.1007/11926078\_39},
	timestamp = {Tue, 14 May 2019 10:00:53 +0200},
	biburl    = {https://dblp.org/rec/conf/semweb/NoyCLM06.bib},
	bibsource = {dblp computer science bibliography, https://dblp.org}
}

@inproceedings{PalmaHCG08,
	author    = {Ra{\'{u}}l Palma and
	Peter Haase and
	{\'{O}}scar Corcho and
	Asunci{\'{o}}n G{\'{o}}mez{-}P{\'{e}}rez},
	title     = {Change Representation For {OWL} 2 Ontologies},
	booktitle = {Proceedings of the 5th International Workshop on {OWL:} Experiences
	and Directions {(OWLED} 2009), Chantilly, VA, United States, October
	23-24, 2009},
	year      = {2009},
	url       = {http://ceur-ws.org/Vol-529/owled2009\_submission\_14.pdf},
	timestamp = {Wed, 12 Feb 2020 16:44:51 +0100},
	biburl    = {https://dblp.org/rec/conf/semweb/PalmaHCG08.bib},
	bibsource = {dblp computer science bibliography, https://dblp.org}
}

@inproceedings{PernelleSMT16,
	author    = {Nathalie Pernelle and
	Fatiha Sa{\"{\i}}s and
	Daniel Mercier and
	Sujeeban Thuraisamy},
	title     = {{RDF} data evolution: automatic detection and semantic representation
	of changes},
	booktitle = {Joint Proceedings of the Posters and Demos Track of the 12th International
	Conference on Semantic Systems - SEMANTiCS2016 and the 1st International
	Workshop on Semantic Change {\&} Evolving Semantics (SuCCESS'16)
	co-located with the 12th International Conference on Semantic Systems
	(SEMANTiCS 2016), Leipzig, Germany, September 12-15, 2016},
	year      = {2016},
	url       = {http://ceur-ws.org/Vol-1695/paper29.pdf},
	timestamp = {Wed, 12 Feb 2020 16:44:25 +0100},
	biburl    = {https://dblp.org/rec/conf/i-semantics/PernelleSMT16.bib},
	bibsource = {dblp computer science bibliography, https://dblp.org}
}

@inproceedings{LoustaunauH19,
	author    = {Alberto Moya Loustaunau and
	Aidan Hogan},
	title     = {Estimating the Dynamics of {SPARQL} Query Results Using Binary Classification},
	booktitle = {Proceedings of the QuWeDa 2019: 3rd Workshop on Querying and Benchmarking
	the Web of Data co-located with 18th International Semantic Web Conference
	{(ISWC} 2019), Auckland, New Zealand, October 26-30, 2019},
	pages     = {5--20},
	year      = {2019},
	url       = {http://ceur-ws.org/Vol-2496/paper1.pdf},
	timestamp = {Wed, 12 Feb 2020 16:44:50 +0100},
	biburl    = {https://dblp.org/rec/conf/semweb/LoustaunauH19.bib},
	bibsource = {dblp computer science bibliography, https://dblp.org}
}
